@inproceedings{eberhart1995particle,
  title={Particle swarm optimization},
  author={Eberhart, Russell and Kennedy, James},
  booktitle={Proceedings of the IEEE international conference on neural networks},
  volume={4},
  pages={1942--1948},
  year={1995}
}